
@article{mutiso_electrical_2015,
	title = {Electrical properties of polymer nanocomposites containing rod-like nanofillers},
	volume = {40},
	issn = {00796700},
	url = {https://linkinghub.elsevier.com/retrieve/pii/S0079670014000665},
	doi = {10.1016/j.progpolymsci.2014.06.002},
	language = {en},
	urldate = {2021-08-12},
	journal = {Progress in Polymer Science},
	author = {Mutiso, Rose M. and Winey, Karen I.},
	month = jan,
	year = {2015},
	pages = {63--84},
	file = {Mutiso and Winey - 2015 - Electrical properties of polymer nanocomposites co.pdf:/Users/davidevans/Zotero/storage/IP99YW4B/Mutiso and Winey - 2015 - Electrical properties of polymer nanocomposites co.pdf:application/pdf},
}
